@article{dong2020concurrencyrelated,
  title={Concurrency-related Flaky Test Detection in Android apps},
  author={Z. Dong and Abhishek Tiwari and Xiao Liang Yu and Abhik Roychoudhury},
  journal={ArXiv},
  year={2020},
  volume={abs/2005.10762}
}


@inproceedings{rahman-rigby-fse2018,
author = {Rahman, Md Tajmilur and Rigby, Peter C.},
title = {The Impact of Failing, Flaky, and High Failure Tests on the Number of Crash Reports Associated with Firefox Builds},
year = {2018},
isbn = {9781450355735},
publisher = {Association for Computing Machinery},
address = {New York, NY, USA},
url = {https://doi.org/10.1145/3236024.3275529},
doi = {10.1145/3236024.3275529},
booktitle = {Proceedings of the 2018 26th ACM Joint Meeting on European Software Engineering Conference and Symposium on the Foundations of Software Engineering},
pages = {857–862},
numpages = {6},
keywords = {User Crash Reports, Builds, Software Testing, Flaky Tests},
location = {Lake Buena Vista, FL, USA},
series = {ESEC/FSE 2018}
}

  
@inproceedings{wing-etal-issta11,
author = {Lam, Wing and Godefroid, Patrice and Nath, Suman and Santhiar, Anirudh and Thummalapenta, Suresh},
title = {Root Causing Flaky Tests in a Large-Scale Industrial Setting},
year = {2019},
isbn = {9781450362245},
publisher = {Association for Computing Machinery},
address = {New York, NY, USA},
url = {https://doi.org/10.1145/3293882.3330570},
doi = {10.1145/3293882.3330570},
booktitle = {Proceedings of the 28th ACM SIGSOFT International Symposium on Software Testing and Analysis},
pages = {101–111},
numpages = {11},
keywords = {regression testing, debugging, flaky tests},
location = {Beijing, China},
series = {ISSTA 2019}
}

@inproceedings{Rothermel:ICSM99,
  title={Test case prioritization: An empirical study},
  author={Rothermel, Gregg and Untch, Roland H. and Chu, Chengyun and Harrold, Mary Jean},
  booktitle={ICSM},
  LONGpages={179--188},
  year={1999},
}

@Misc{flakiness-at-spotify,
   author={Jason Palmer},
   title={Test Flakiness – Methods for identifying and dealing with flaky tests},
   year=2019,
   note={https://labs.spotify.com/2019/11/18/test-flakiness-methods-for-identifying-and-dealing-with-flaky-tests/}
}

@Misc{antennapod,
   title={AntennaPod app website},
   year=2020,
   note={\url{https://antennapod.org}}
}
@Misc{antennapod-playback,
   title={AntennaPod PlaybackService.java},
   year=2020,
   note={\url{https://tinyurl.com/y9vltj5e}}
}

@inproceedings{pinto-etal-msr2020,
 author = {Gustavo Pinto and Breno Miranda and Supun Dissanayake and Marcelo d'Amorim and Christoph Treude and Antonia Bertolino},
 title = {What is the Vocabulary of Flaky Tests?},
 year = {2020},
 booktitle = {International Conference on Mining Software Repositories (MSR)},
 note = {To Appear}
}

@Misc{flakyandroid,
   title={Android FlakyTest annotation},
   author={Google},
   year=2020,
   note={https://developer.android.com/reference/android/support/test/filters/FlakyTest.html}
}

@article{DBLP:journals/corr/Gainer-DewarV16,
  author    = {Andrew Gainer{-}Dewar and
               Paola Vera{-}Licona},
  title     = {The minimal hitting set generation problem: algorithms and computation},
  journal   = {CoRR},
  volume    = {abs/1601.02939},
  year      = {2016},
  url       = {http://arxiv.org/abs/1601.02939},
  archivePrefix = {arXiv},
  eprint    = {1601.02939},
  timestamp = {Tue, 17 Sep 2019 14:15:29 +0200},
  biburl    = {https://dblp.org/rec/journals/corr/Gainer-DewarV16.bib},
  bibsource = {dblp computer science bibliography, https://dblp.org}
}

@article{effect-sizes-cohen,
  author    = {Shlomo Sawilowsky},
  title     = {New effect size rules of thumb},
  journal   = {Journal of Modern Applied Statistical Methods},
  volume    = {8(2)},
  pages={597--599},
  year      = {2009}
}

@Misc{awaitibility,
   title={Awaitibility Library},
   author={},
   year=2020,
   note={\url{http://www.awaitility.org}}
}

@Misc{uiautomator-2020,
   title={UIAutomator API webpage},
   author={Google},
   year=2020,
   note={\url{https://developer.android.com/training/testing/ui-automator}}
}


@Misc{espresso-2020,
   title={Espresso API webpage},
   author={Google},
   year=2020,
   note={\url{https://developer.android.com/training/testing/espresso}}
}



@Misc{deflaker-dataset-2018,
   title={Deflaker Dataset},
   author={Jonathan Bell and Owolabi Legunsen and Michael Hilton Lamyaa Eloussi and Tifany Yung and Darko Marinov},
   year=2018,
   note={\url{http://www.deflaker.org/icsecomp/}}
}


@Misc{jeff-listfield-google2017,
   title={Where do our flaky tests come from?},
   author={Jeff Listfield},
   year=2017,
   note={https://testing.googleblog.com/2016/05/flaky-tests-at-google-and-how-we.html}
}

@Misc{john-mico-google2016,
   title={Flaky Tests at Google and How We Mitigate Them},
   author={John Micco},
   year=2016,
   note={https://testing.googleblog.com/2017/04/where-do-our-flaky-tests-come-from.html}
}

@inproceedings{moritz-etal-fse2019,
 author = {Eck, Moritz and Palomba, Fabio and Castelluccio, Marco and Bacchelli, Alberto},
 title = {Understanding Flaky Tests: The Developer’s Perspective},
 year = {2019},
 isbn = {9781450355728},
 publisher = {Association for Computing Machinery},
 address = {New York, NY, USA},
 url = {https://doi.org/10.1145/3338906.3338945},
 doi = {10.1145/3338906.3338945},
 booktitle = {Proceedings of the 2019 27th ACM Joint Meeting on European Software Engineering Conference and Symposium on the Foundations of Software Engineering},
 pages = {830–840},
 numpages = {11},
 keywords = {Empirical Studies, Mixed-Method Research, Flaky Tests},
 location = {Tallinn, Estonia},
 series = {ESEC/FSE 2019}
}


@INPROCEEDINGS{palomba-zaidman-icsme2017,
author={F. {Palomba} and A. {Zaidman}},
booktitle={2017 IEEE International Conference on Software Maintenance and Evolution (ICSME)},
title={Does Refactoring of Test Smells Induce Fixing Flaky Tests?},
year={2017},
volume={},
number={},
pages={1-12},
keywords={program testing;software fault tolerance;software maintenance;source code (software);regression testing;test flakiness;indirect testing;test run war;test smells refactoring;resource optimism;JUnit test methods;source code;Testing;Tools;Computer bugs;Software systems;Java;Production;Test Smells;Flaky Tests;Refactoring},
doi={10.1109/ICSME.2017.12},
ISSN={null},
month={Sep.},}

@inproceedings{bell2018d,
  title={DeFlaker: automatically detecting flaky tests},
  author={Bell, Jonathan and Legunsen, Owolabi and Hilton, Michael and Eloussi, Lamyaa and Yung, Tifany and Marinov, Darko},
  booktitle={Proceedings of the 40th International Conference on Software Engineering},
  pages={433--444},
  year={2018},
  organization={ACM}
}

@inproceedings{Luo:2014:EAF:2635868.2635920,
 author = {Luo, Qingzhou and Hariri, Farah and Eloussi, Lamyaa and Marinov, Darko},
 title = {An Empirical Analysis of Flaky Tests},
 booktitle = {Proc. FSE'14},
 year = {2014},
 LONGisbn = {978-1-4503-3056-5},
 LONGlocation = {Hong Kong, China},
 LONGnumpages = {11},
 LONGurl = {http://doi.acm.org/10.1145/2635868.2635920},
 LONGdoi = {10.1145/2635868.2635920},
 LONGacmid = {2635920},
 LONGpublisher = {ACM},
 LONGaddress = {New York, NY, USA},
 LONGkeywords = {Empirical study, flaky tests, non-determinism},
}


@inproceedings{DBLP:conf/scam/HarmanO18,
  author    = {Mark Harman and Peter W. O'Hearn},
  title     = {From Start-ups to Scale-ups: Opportunities and Open Problems for Static and Dynamic Program Analysis},
  booktitle = {Proc. SCAM'18},
  year      = {2018},
  LONGurl       = {https://doi.org/10.1109/SCAM.2018.00009},
  LONGdoi       = {10.1109/SCAM.2018.00009},
  LONGtimestamp = {Tue, 20 Nov 2018 10:20:00 +0100},
  LONGbiburl    = {https://dblp.org/rec/bib/conf/scam/HarmanO18},
  LONGbibsource = {dblp computer science bibliography, https://dblp.org}
}


@inproceedings{DBLP:conf/issta/ZhangJWMLEN14,
  author    = {Sai Zhang and
               Darioush Jalali and
               Jochen Wuttke and
               Kivan{\c{c}} Muslu and
               Wing Lam and
               Michael D. Ernst and
               David Notkin},
  title     = {Empirically revisiting the test independence assumption},
  booktitle = {International Symposium on Software Testing and Analysis, {ISSTA}
               '14, San Jose, CA, {USA} - July 21 - 26, 2014},
  pages     = {385--396},
  year      = {2014},
  LONGcrossref  = {DBLP:conf/issta/2014},
  LONGurl       = {https://doi.org/10.1145/2610384.2610404},
  LONGdoi       = {10.1145/2610384.2610404},
  LONGtimestamp = {Tue, 06 Nov 2018 16:57:30 +0100},
  LONGbiburl    = {https://dblp.org/rec/bib/conf/issta/ZhangJWMLEN14},
  LONGbibsource = {dblp computer science bibliography, https://dblp.org}
}

@inproceedings{Vahabzadeh2015, 
author = {Vahabzadeh, Arash and Fard, Amin Milani and Mesbah, Ali}, 
title = {An Empirical Study of Bugs in Test Code}, 
year = {2015}, 
isbn = {9781467375320}, 
publisher = {IEEE Computer Society}, 
address = {USA}, 
url = {https://doi.org/10.1109/ICSM.2015.7332456}, 
doi = {10.1109/ICSM.2015.7332456}, 
booktitle = {Proceedings of the 2015 IEEE International Conference on Software Maintenance and Evolution (ICSME)}, 
pages = {101–110}, 
numpages = {10}, 
series = {ICSME ’15} 
}

@inproceedings{Waterloo:2015,
 author = {Waterloo, Matias and Person, Suzette and Elbaum, Sebastian},
 title = {Test Analysis: Searching for Faults in Tests},
 booktitle = {Proceedings of the 30th IEEE/ACM International Conference on Automated Software Engineering},
 series = {ASE '15},
 year = {2015},
 isbn = {978-1-5090-0024-1},
 location = {Lincoln, Nebraska},
 pages = {149--154},
 numpages = {6},
 url = {https://doi.org/10.1109/ASE.2015.37},
 doi = {10.1109/ASE.2015.37},
 acmid = {3343905},
 publisher = {IEEE Press},
 address = {Piscataway, NJ, USA},
} 

@inproceedings{van2001refactoring,
  title={Refactoring test code},
  author={Van Deursen, Arie and Moonen, Leon and Van Den Bergh, Alex and Kok, Gerard},
  booktitle={Proceedings of the 2nd international conference on extreme programming and flexible processes in software engineering (XP2001)},
  pages={92--95},
  year={2001}
}

@inproceedings{tufano2016empirical,
  title={An empirical investigation into the nature of test smells},
  author={Tufano, Michele and Palomba, Fabio and Bavota, Gabriele and Di Penta, Massimiliano and Oliveto, Rocco and De Lucia, Andrea and Poshyvanyk, Denys},
  booktitle={2016 31st IEEE/ACM International Conference on Automated Software Engineering (ASE)},
  pages={4--15},
  year={2016},
  organization={IEEE}
}

@inproceedings{bavota2012empirical,
  title={An empirical analysis of the distribution of unit test smells and their impact on software maintenance},
  author={Bavota, Gabriele and Qusef, Abdallah and Oliveto, Rocco and De Lucia, Andrea and Binkley, David},
  booktitle={2012 28th IEEE International Conference on Software Maintenance (ICSM)},
  pages={56--65},
  year={2012},
  organization={IEEE}
}

@inproceedings{treude2016augmenting,
  title={Augmenting api documentation with insights from stack overflow},
  author={Treude, Christoph and Robillard, Martin P},
  booktitle={Proceedings of the International Conference on Software Engineering},
  pages={392--403},
  year={2016},
  organization={IEEE}
}

@inproceedings{de2014ranking,
  title={Ranking crowd knowledge to assist software development},
  author={de Souza, Lucas BL and Campos, Eduardo C and Maia, Marcelo de A},
  booktitle={Proceedings of the International Conference on Program Comprehension},
  pages={72--82},
  year={2014},
  organization={ACM}
}

@article{witten2002data,
  title={Data mining: practical machine learning tools and techniques with Java implementations},
  author={Witten, Ian H and Frank, Eibe},
  journal={Acm Sigmod Record},
  volume={31},
  number={1},
  pages={76--77},
  year={2002},
  publisher={ACM New York, NY, USA}
}

@article{garousi2018we,
  title={What we know about smells in software test code},
  author={Garousi, Vahid and Kucuk, Baris and Felderer, Michael},
  journal={IEEE Software},
  volume={36},
  number={3},
  pages={61--73},
  year={2018},
  publisher={IEEE}
}
@inproceedings{tran2019test,
  title={Test-Case Quality--Understanding Practitioners’ Perspectives},
  author={Tran, Huynh Khanh Vi and Ali, Nauman Bin and B{\"o}rstler, J{\"u}rgen and Unterkalmsteiner, Michael},
  booktitle={International Conference on Product-Focused Software Process Improvement},
  pages={37--52},
  year={2019},
  organization={Springer}
}
@inproceedings{gambi2018practical,
  title={Practical test dependency detection},
  author={Gambi, Alessio and Bell, Jonathan and Zeller, Andreas},
  booktitle={2018 IEEE 11th International Conference on Software Testing, Verification and Validation (ICST)},
  pages={1--11},
  year={2018},
  organization={IEEE}
}
@inproceedings{thorve2018empirical,
  title={An Empirical Study of Flaky Tests in Android Apps},
  author={Thorve, Swapna and Sreshtha, Chandani and Meng, Na},
  booktitle={2018 IEEE International Conference on Software Maintenance and Evolution (ICSME)},
  pages={534--538},
  year={2018},
  organization={IEEE}
}

@article{palomba2019smell,
  title={The smell of fear: On the relation between test smells and flaky tests},
  author={Palomba, Fabio and Zaidman, Andy},
  journal={Empirical Software Engineering},
  pages={1--40},
  year={2019},
  publisher={Springer}
}

@misc{micco2016flaky,
  author = {Micco, John},
  title = {Flaky tests at {Google} and how we mitigate them},
  year = 2016,
  howpublished = {https://testing.googleblog.com/2016/05/flaky-tests-at-google-and-how-we.html},
  note = {Accessed: 2020-01-15}
}

@inproceedings{lam2019idflakies,
  title={iDFlakies: A Framework for Detecting and Partially Classifying Flaky Tests},
  author={Lam, Wing and Oei, Reed and Shi, August and Marinov, Darko and Xie, Tao},
  booktitle={2019 12th IEEE Conference on Software Testing, Validation and Verification (ICST)},
  pages={312--322},
  year={2019},
  organization={IEEE}
}

@inproceedings{Herzig:2015,
 author = {Herzig, Kim and Nagappan, Nachiappan},
 title = {Empirically Detecting False Test Alarms Using Association Rules},
 booktitle = {Proceedings of the 37th International Conference on Software Engineering - Volume 2},
 series = {ICSE '15},
 year = {2015},
 location = {Florence, Italy},
 pages = {39--48},
 numpages = {10},
 url = {http://dl.acm.org/citation.cfm?id=2819009.2819018},
 acmid = {2819018},
 publisher = {IEEE Press},
 address = {Piscataway, NJ, USA},
 keywords = {association rules, classification model, false test alarms, software testing, test improvement},
} 

@inproceedings{king2018,
  title={Towards a Bayesian Network Model for Predicting Flaky Automated Tests},
  author={King, Tariq M and Santiago, Dionny and Phillips, Justin and Clarke, Peter J},
  booktitle={2018 IEEE International Conference on Software Quality, Reliability and Security Companion (QRS-C)},
  pages={100--107},
  year={2018},
  organization={IEEE}
}

@article{Do16regression,
  author    = {Hyunsook Do},
  title     = {Recent Advances in Regression Testing Techniques},
  journal   = {Advances in Computers},
  volume    = {103},
  pages     = {53--77},
  year      = {2016},
  url       = {https://doi.org/10.1016/bs.adcom.2016.04.004},
  doi       = {10.1016/bs.adcom.2016.04.004},
  timestamp = {Sat, 20 May 2017 00:22:37 +0200},
  biburl    = {https://dblp.org/rec/bib/journals/ac/Do16},
  bibsource = {dblp computer science bibliography, https://dblp.org}
}

@misc{ASTKeynote,
author = {Herzig,Kim},
title = {Let's assume we had to pay for testing},
howpublished = {Keynote at AST 2016},
url={https://www.kim-herzig.de/2016/06/28/keynote-ast-2016/},
year={2016}
}

@inproceedings{Lam:2019:rootfinder,
 author = {Lam, Wing and Godefroid, Patrice and Nath, Suman and Santhiar, Anirudh and Thummalapenta, Suresh},
 title = {Root Causing Flaky Tests in a Large-scale Industrial Setting},
 booktitle = {Proceedings of the 28th ACM SIGSOFT International Symposium on Software Testing and Analysis},
 series = {ISSTA 2019},
 year = {2019},
 isbn = {978-1-4503-6224-5},
 location = {Beijing, China},
 pages = {101--111},
 numpages = {11},
url = {http://doi.acm.org/10.1145/3293882.3330570},
doi = {10.1145/3293882.3330570},
 acmid = {3330570},
 publisher = {ACM},
 address = {New York, NY, USA},
 keywords = {debugging, flaky tests, regression testing},
} 

@misc{bertolino2020flaky,
  author       = {Bertolino, Antonia and
                  Cruciani, Emilio and
                  Miranda, Breno and
                  Verdecchia, Roberto},
  title        = {{Know Your Neighbor: Fast Static Prediction of Test Flakiness}},
  month        = jan,
  year         = 2020,
  publisher    = {ISTI Technical Reports},
  doi          = {10.32079/ISTI-TR-2020/001},
  url          = {https://doi.org/10.32079/ISTI-TR-2020/001}
}

@misc{micco_state2017,
title	= {The State of Continuous Integration Testing @Google},
author	= {John Micco},
year	= {2017}
}

@article{kim2008classifying,
  title={Classifying software changes: Clean or buggy?},
  author={Kim, Sunghun and Whitehead Jr, E James and Zhang, Yi},
  journal={IEEE Transactions on Software Engineering},
  volume={34},
  number={2},
  pages={181--196},
  year={2008},
  publisher={IEEE}
}

@inproceedings{ahsan2009automatic,
  title={Automatic software bug triage system (bts) based on latent semantic indexing and support vector machine},
  author={Ahsan, Syed Nadeem and Ferzund, Javed and Wotawa, Franz},
  booktitle={2009 Fourth International Conference on Software Engineering Advances},
  pages={216--221},
  year={2009},
  organization={IEEE}
}
@inproceedings{palomba2018automatic,
  title={Automatic test smell detection using information retrieval techniques},
  author={Palomba, Fabio and Zaidman, Andy and De Lucia, Andrea},
  booktitle={2018 IEEE International Conference on Software Maintenance and Evolution (ICSME)},
  pages={311--322},
  year={2018},
  organization={IEEE}
}




@article{10.1145/1150334.1150336,
author = {Alon, Noga and Moshkovitz, Dana and Safra, Shmuel},
title = {Algorithmic Construction of Sets for K-Restrictions},
year = {2006},
issue_date = {April 2006},
publisher = {Association for Computing Machinery},
address = {New York, NY, USA},
volume = {2},
number = {2},
issn = {1549-6325},
url = {https://doi.org/10.1145/1150334.1150336},
doi = {10.1145/1150334.1150336},
journal = {ACM Trans. Algorithms},
month = apr,
pages = {153–177},
numpages = {25},
keywords = {almost k-wise independence, group testing, Derandomization, generalized hashing, Set-Cover, k-restriction, splitter}
}

  
@inproceedings{seedselect,
 author = {Rebert, Alexandre and Cha, Sang Kil and Avgerinos, Thanassis and Foote, Jonathan and Warren, David and Grieco, Gustavo and Brumley, David},
 title = {Optimizing Seed Selection for Fuzzing},
 booktitle = {USENIX},
 year = {2014},
 pages = {861--875},
}

@misc{stress-ng,
 author         = {Colin King and Amos Waterland},
 title          = {stress-ng},
 year           = {2020},
 howpublished   = {https://manpages.ubuntu.com/manpages/artful/man1/stress-ng.1.html\#description},
 note           = {[Online; accessed April-2020]}
}

@article{r-effect-size,
author = {Rosenthal, Robert and Rubin, Donald},
year = {2004},
month = {01},
pages = {492-6},
title = {r equivalent: A Simple Effect Size Indicator},
volume = {8},
journal = {Psychological methods},
doi = {10.1037/1082-989X.8.4.492}
}

%related work

@inproceedings{ifixflakies,
  title={iFixFlakies: A framework for automatically fixing order-dependent flaky tests},
  author={Shi, August and Lam, Wing and Oei, Reed and Xie, Tao and Marinov, Darko},
  booktitle={Proceedings of the 2019 27th ACM Joint Meeting on European Software Engineering Conference and Symposium on the Foundations of Software Engineering},
  pages={545--555},
  year={2019}
}

@inproceedings{idflakies,
  title={iDFlakies: A framework for detecting and partially classifying flaky tests},
  author={Lam, Wing and Oei, Reed and Shi, August and Marinov, Darko and Xie, Tao},
  booktitle={2019 12th ieee conference on software testing, validation and verification (icst)},
  pages={312--322},
  year={2019},
  organization={IEEE}
}

@inproceedings{rootCausingflaky,
  title={Root causing flaky tests in a large-scale industrial setting},
  author={Lam, Wing and Godefroid, Patrice and Nath, Suman and Santhiar, Anirudh and Thummalapenta, Suresh},
  booktitle={Proceedings of the 28th ACM SIGSOFT International Symposium on Software Testing and Analysis},
  pages={101--111},
  year={2019}
}

@inproceedings{refactoringOfTest,
  title={Does refactoring of test smells induce fixing flaky tests?},
  author={Palomba, Fabio and Zaidman, Andy},
  booktitle={2017 IEEE international conference on software maintenance and evolution (ICSME)},
  pages={1--12},
  year={2017},
  organization={IEEE}
}

@inproceedings{userInteractiveTests,
  title={Making system user interactive tests repeatable: When and what should we control?},
  author={Gao, Zebao and Liang, Yalan and Cohen, Myra B and Memon, Atif M and Wang, Zhen},
  booktitle={2015 IEEE/ACM 37th IEEE International Conference on Software Engineering},
  volume={1},
  pages={55--65},
  year={2015},
  organization={IEEE}
}

@inproceedings{empiricallRevisiting,
  title={Empiricall revisiting the test independence assumption},
  author={Zhang, Sai and Jalali, Darioush and Wuttke, Jochen and Mu{\c{s}}lu, K{\i}van{\c{c}} and Lam, Wing and Ernst, Michael D and Notkin, David},
  booktitle={Proceedings of the 2014 International Symposium on Software Testing and Analysis},
  pages={385--396},
  year={2014}
}